@manual{lab-manual,
	author = { Lin Cai and
	           Ruonan Zhang and
	           Emad Shihab and
	           Zhe Yang and
	           Xuan Wang and
	           Lei Zheng },
	ALTeditor = {editor},
	title = { {Laboratory Manual for CENG460 Communication Networks} },
	date = {2015},
	OPTsubtitle = {subtitle},
	OPTtitleaddon = {titleaddon},
	OPTlanguage = {language},
	OPTedition = {edition},
	OPTtype = {type},
	OPTseries = {series},
	OPTnumber = {number},
	OPTversion = {version},
	OPTnote = {note},
	organization = { {Department of Electrical and Computer Engineering} },
	publisher = { {University of Victoria} },
	OPTlocation = {location},
	OPTisbn = {isbn},
	OPTchapter = {chapter},
	OPTpages = {pages},
	OPTpagetotal = {pagetotal},
	OPTaddendum = {addendum},
	OPTpubstate = {pubstate},
	OPTdoi = {doi},
	OPTeprint = {eprint},
	OPTeprintclass = {eprintclass},
	OPTeprinttype = {eprinttype},
	url = {http://web.uvic.ca/~weizhe/ceng460/Lab_manual.pdf},
	urldate = {2015-12-23},
}

@online{knuthwebsite,
	author    = "Donald Knuth",
	title     = "Knuth: Computers and Typesetting",
	year      = "2015",
	url       = "http://www-cs-faculty.stanford.edu/~uno/abcde.html",
	keywords  = "latex,knuth"
}

@online{wiki-tcp,
	author    = "Wikipedia",
	title     = "Transmission Control Protocol",
	year      = "2016",
	url       = "https://en.wikipedia.org/wiki/Transmission_Control_Protocol#TCP_segment_structure",
}

@online{tcp-checksum,
	author = "roman10.net",
	title = "How to Calculate IP/TCP/UDP Checksum",
	year = "2011",
	month = "11",
	day = "27",
	url = "http://www.roman10.net/2011/11/27/how-to-calculate-iptcpudp-checksumpart-1-theory/"
}