@manual{lab-manual,
	author = { Lin Cai and
	           Ruonan Zhang and
	           Emad Shihab and
	           Zhe Yang and
	           Xuan Wang and
	           Lei Zheng },
	ALTeditor = {editor},
	title = { {Laboratory Manual for CENG460 Communication Networks} },
	date = {2015},
	OPTsubtitle = {subtitle},
	OPTtitleaddon = {titleaddon},
	OPTlanguage = {language},
	OPTedition = {edition},
	OPTtype = {type},
	OPTseries = {series},
	OPTnumber = {number},
	OPTversion = {version},
	OPTnote = {note},
	organization = { {Department of Electrical and Computer Engineering} },
	publisher = { {University of Victoria} },
	OPTlocation = {location},
	OPTisbn = {isbn},
	OPTchapter = {chapter},
	OPTpages = {pages},
	OPTpagetotal = {pagetotal},
	OPTaddendum = {addendum},
	OPTpubstate = {pubstate},
	OPTdoi = {doi},
	OPTeprint = {eprint},
	OPTeprintclass = {eprintclass},
	OPTeprinttype = {eprinttype},
	url = {http://web.uvic.ca/~weizhe/ceng460/Lab_manual.pdf},
	urldate = {2015-12-23},
}

@online{knuthwebsite,
	author    = "Donald Knuth",
	title     = "Knuth: Computers and Typesetting",
	year      = "2015",
	url       = "http://www-cs-faculty.stanford.edu/~uno/abcde.html",
	keywords  = "latex,knuth"
}
